@article{Reimers2018,
   author={Reimers A. K., Knapp G.},
   title={Effects of Exercise on the Resting Heart Rate: A Systematic Review and Meta-Analysis of Interventional Studies},
   journal={Journal of Clinical Medicine},
   volume={12},
   year=2018,
   pages={503}
}
@article{Navarro2022,
   author={Navarro-Lomas, Dote-Montero},
   title={Different exercise training modalities similarly improve heart rate variability in sedentary middle-aged adults: the FIT-AGEING randomized controlled trial},
   journal={European Journal of Applied Physiology},
   volume={122},
   year=2022,
   pages={1863-1874}
}
